% MecFracII.bib - Referencias bibliográficas para Mecánica de la Fractura II
% Formato APA 7ma Edición

@book{anderson2005fracture,
  title={Fracture Mechanics: Fundamentals and Applications},
  author={Anderson, T. L.},
  edition={3},
  year={2005},
  publisher={CRC Press},
  address={Boca Raton, FL}
}

@book{Broek1982,
  title={Elementary Engineering Fracture Mechanics},
  author={Broek, D.},
  edition={4},
  year={1982},
  publisher={Martinus Nijhoff Publishers},
  address={Dordrecht, Netherlands}
}

@article{griffith1921phenomena,
  title={The phenomena of rupture and flow in solids},
  author={Griffith, A. A.},
  journal={Philosophical Transactions of the Royal Society of London},
  volume={221},
  number={582-593},
  pages={163--198},
  year={1921},
  publisher={The Royal Society}
}

@article{rice1968path,
  title={A path independent integral and the approximate analysis of strain concentration by notches and cracks},
  author={Rice, J. R.},
  journal={Journal of Applied Mechanics},
  volume={35},
  number={2},
  pages={379--386},
  year={1968},
  publisher={American Society of Mechanical Engineers}
}

@article{paris1963stress,
  title={A critical analysis of crack propagation laws},
  author={Paris, P. and Erdogan, F.},
  journal={Journal of Basic Engineering},
  volume={85},
  number={4},
  pages={528--533},
  year={1963},
  publisher={American Society of Mechanical Engineers}
}

@book{suresh1998fatigue,
  title={Fatigue of Materials},
  author={Suresh, S.},
  edition={2},
  year={1998},
  publisher={Cambridge University Press},
  address={Cambridge, UK}
}

@article{belytschko1999elastic,
  title={Elastic crack growth in finite elements with minimal remeshing},
  author={Belytschko, T. and Black, T.},
  journal={International Journal for Numerical Methods in Engineering},
  volume={45},
  number={5},
  pages={601--620},
  year={1999},
  publisher={John Wiley \& Sons}
}

@standard{astm2013standard,
  title={Standard Test Method for Linear-Elastic Plane-Strain Fracture Toughness {$K_{IC}$} of Metallic Materials},
  author={{ASTM International}},
  number={E399-12e3},
  year={2013},
  publisher={ASTM International},
  address={West Conshohocken, PA}
}

@standard{astm2020standard,
  title={Standard Test Method for Measurement of Fracture Toughness},
  author={{ASTM International}},
  number={E1820-20a},
  year={2020},
  publisher={ASTM International},
  address={West Conshohocken, PA}
}

@standard{astm2015standard,
  title={Standard Test Method for Measurement of Fatigue Crack Growth Rates},
  author={{ASTM International}},
  number={E647-15e1},
  year={2015},
  publisher={ASTM International},
  address={West Conshohocken, PA}
}

@article{moes1999finite,
  title={A finite element method for crack growth without remeshing},
  author={Mo{\"e}s, N. and Dolbow, J. and Belytschko, T.},
  journal={International Journal for Numerical Methods in Engineering},
  volume={46},
  number={1},
  pages={131--150},
  year={1999},
  publisher={John Wiley \& Sons}
}

@book{gdoutos2005fracture,
  title={Fracture Mechanics: An Introduction},
  author={Gdoutos, E. E.},
  edition={2},
  year={2005},
  publisher={Springer},
  address={Dordrecht, Netherlands}
}

@article{sutton2009application,
  title={Application of an optimized digital correlation method to planar deformation analysis},
  author={Sutton, M. A. and Wolters, W. J. and Peters, W. H. and Ranson, W. F. and McNeill, S. R.},
  journal={Image and Vision Computing},
  volume={4},
  number={3},
  pages={143--150},
  year={1986},
  publisher={Elsevier}
}

@book{janssen2004fracture,
  title={Fracture Mechanics},
  author={Janssen, M. and Zuidema, J. and Wanhill, R. J. H.},
  edition={2},
  year={2004},
  publisher={Spon Press},
  address={London, UK}
}

@article{hutchinson1968singular,
  title={Singular behaviour at the end of a tensile crack in a hardening material},
  author={Hutchinson, J. W.},
  journal={Journal of the Mechanics and Physics of Solids},
  volume={16},
  number={1},
  pages={13--31},
  year={1968},
  publisher={Elsevier}
}

@book{kanninen1985advanced,
  title={Advanced Fracture Mechanics},
  author={Kanninen, M. F. and Popelar, C. H.},
  year={1985},
  publisher={Oxford University Press},
  address={New York, NY}
}

@article{irwin1957analysis,
  title={Analysis of stresses and strains near the end of a crack traversing a plate},
  author={Irwin, G. R.},
  journal={Journal of Applied Mechanics},
  volume={24},
  pages={361--364},
  year={1957},
  publisher={American Society of Mechanical Engineers}
}

@book{zehnder2012fracture,
  title={Fracture Mechanics},
  author={Zehnder, A. T.},
  year={2012},
  publisher={Springer},
  address={Dordrecht, Netherlands}
}

@article{barsom1999fracture,
  title={Fracture and fatigue control in structures: applications of fracture mechanics},
  author={Barsom, J. M. and Rolfe, S. T.},
  edition={3},
  year={1999},
  publisher={ASTM International},
  address={West Conshohocken, PA}
}

@inproceedings{schijve2001fatigue,
  title={Fatigue of structures and materials in the 20th century and the state of the art},
  author={Schijve, J.},
  booktitle={International Journal of Fatigue},
  volume={23},
  number={8},
  pages={679--702},
  year={2001},
  publisher={Elsevier}
}

@book{Cameron2022,
  title={Modern Applied Fracture Mechanics},
  author={Cameron, R. and Coates, D. and Sooklal, V.},
  year={2022},
  publisher={CRC Press},
  address={London, UK}
}

@book{Jaramillo2008,
  title={Introducción a la mecánica de la fractura y análisis de fallas},
  author={Jaramillo Suárez, H. E. and Alba de Sánchez, N. C. and Canizales, J. P. and Toro, Á. J.},
  year={2008},
  publisher={Universidad Autónoma de Occidente},
  address={Cali, Colombia}
}

@book{AllisonBeese2022,
  title={Fracture, Fatigue, Failure and Damage Evolution},
  author={Allison Beese and others},
  volume={3},
  year={2022},
  publisher={Springer},
  address={New York, NY}
}

@book{Ponson2022,
  title={Mechanics and Physics of Fracture},
  author={Ponson, L.},
  year={2022},
  publisher={Cambridge University Press},
  address={Cambridge, UK}
}

@book{anderson2017fracture,
  title={Fracture Mechanics: Fundamentals and Applications},
  author={Anderson, T. L.},
  edition={4},
  year={2017},
  publisher={CRC Press-Taylor \& Francis Group},
  address={Boca Raton, FL}
}

@book{MechanicalBehavior2022,
  title={Mechanical Behavior of Materials},
  author={Dowling, N. E.},
  edition={4},
  year={2013},
  publisher={Pearson},
  address={Boston, MA}
}

\nocite{*}